@article{mnih2013playing,
  title={Playing atari with deep reinforcement learning},
  author={Mnih, Volodymyr and Kavukcuoglu, Koray and Silver, David and Graves, Alex and Antonoglou, Ioannis and Wierstra, Daan and Riedmiller, Martin},
  journal={arXiv preprint arXiv:1312.5602},
  year={2013}
}

@article{mnih2015human,
  title={Human-level control through deep reinforcement learning},
  author={Mnih, Volodymyr and Kavukcuoglu, Koray and Silver, David and Rusu, Andrei A and Veness, Joel and Bellemare, Marc G and Graves, Alex and Riedmiller, Martin and Fidjeland, Andreas K and Ostrovski, Georg and others},
  journal={Nature},
  volume={518},
  number={7540},
  pages={529--533},
  year={2015},
  publisher={Nature Research}
}

@article{DBLP:journals/corr/LillicrapHPHETS15,
  author    = {Timothy P. Lillicrap and
               Jonathan J. Hunt and
               Alexander Pritzel and
               Nicolas Heess and
               Tom Erez and
               Yuval Tassa and
               David Silver and
               Daan Wierstra},
  title     = {Continuous control with deep reinforcement learning},
  journal   = {CoRR},
  volume    = {abs/1509.02971},
  year      = {2015},
  url       = {http://arxiv.org/abs/1509.02971},
  archivePrefix = {arXiv},
  eprint    = {1509.02971},
  timestamp = {Mon, 13 Aug 2018 16:46:11 +0200},
  biburl    = {https://dblp.org/rec/bib/journals/corr/LillicrapHPHETS15},
  bibsource = {dblp computer science bibliography, https://dblp.org}
}

@article{DBLP:journals/corr/AndrychowiczWRS17,
  author    = {Marcin Andrychowicz and
               Filip Wolski and
               Alex Ray and
               Jonas Schneider and
               Rachel Fong and
               Peter Welinder and
               Bob McGrew and
               Josh Tobin and
               Pieter Abbeel and
               Wojciech Zaremba},
  title     = {Hindsight Experience Replay},
  journal   = {CoRR},
  volume    = {abs/1707.01495},
  year      = {2017},
  url       = {http://arxiv.org/abs/1707.01495},
  archivePrefix = {arXiv},
  eprint    = {1707.01495},
  timestamp = {Mon, 13 Aug 2018 16:49:00 +0200},
  biburl    = {https://dblp.org/rec/bib/journals/corr/AndrychowiczWRS17},
  bibsource = {dblp computer science bibliography, https://dblp.org}
}

